@article{alchemist,
  author       = {Pianini, D and Montagna, S and Viroli, M},
  publisher    = {Informa {UK} Limited},
  url          = {https://doi.org/10.1057/jos.2012.27},
  date         = {2013-08},
  doi          = {10.1057/jos.2012.27},
  journaltitle = {Journal of Simulation},
  number       = {3},
  pages        = {202--215},
  title        = {Chemical-oriented simulation of computational systems with {ALCHEMIST}},
  volume       = {7},
}

@inproceedings{sapere,
  author    = {Pianini, Danilo and Montagna, Sara and Viroli, Mirko},
  booktitle = {2011 Federated Conference on Computer Science and Information Systems (FedCSIS)},
  date      = {2011},
  pages     = {667--674},
  title     = {A chemical inspired simulation framework for pervasive services ecosystems},
}

@article{CASADEI2022101248,
  author       = {Casadei, Roberto and Viroli, Mirko and Aguzzi, Gianluca and Pianini, Danilo},
  url          = {https://www.sciencedirect.com/science/article/pii/S2352711022001662},
  date         = {2022},
  doi          = {https://doi.org/10.1016/j.softx.2022.101248},
  issn         = {2352-7110},
  journaltitle = {SoftwareX},
  keywords     = {Aggregate programming,Computational fields,Macro-level programming,Distributed computing,Scala toolkit},
  pages        = {101248},
  title        = {ScaFi: A Scala DSL and Toolkit for Aggregate Programming},
  volume       = {20},
}

@inproceedings{protelis,
  author    = {Pianini, Danilo and Viroli, Mirko and Beal, Jacob},
  location  = {Salamanca, Spain},
  publisher = {Association for Computing Machinery},
  url       = {https://doi.org/10.1145/2695664.2695913},
  booktitle = {Proceedings of the 30th Annual ACM Symposium on Applied Computing},
  date      = {2015},
  doi       = {10.1145/2695664.2695913},
  isbn      = {9781450331968},
  keywords  = {field calculus,computational field,coordination,alchemist,aggregate programming},
  pages     = {1846--1853},
  series    = {SAC '15},
  title     = {Protelis: Practical Aggregate Programming},
}

@misc{ApacheCo51:online,
  url   = {https://commons.apache.org/},
  title = {Apache Commons},
}

@misc{Addingde33:online,
  url   = {https://kotlinlang.org/docs/multiplatform-add-dependencies.html#dependency-on-a-kotlin-library},
  title = {Adding dependencies on multiplatform libraries | Kotlin Documentation},
}

@article{doppio,
  author       = {John, Vilk and Emery, D, Berger},
  url          = {https://plasma-umass.org/doppio-demo/paper.pdf},
  date         = {2014-06},
  journaltitle = {PLDI '14: Proceedings of the 35th ACM SIGPLAN Conference on Programming Language Design and Implementation},
  pages        = {508--518},
  title        = {DOPPIO: Breaking the Browser Language Barrier},
}

@misc{Sharecod25:online,
  url   = {https://kotlinlang.org/docs/multiplatform--on-platforms.html#share-code-on-all-platforms},
  title = {Share code on platforms | Kotlin Documentation},
}

@misc{JSweetat88:online,
  url   = {https://www.jsweet.org/},
  title = {JSweet: a transpiler to write JavaScript programs in Java},
}

@misc{j2cllimi50:online,
  url   = {https://github.com/google/j2cl/blob/master/docs/limitations.md},
  title = {j2cl/limitations.md at master - google/j2cl},
}

@misc{slides-software-quality,
  author = {Viroli, M},
  url    = {https://virtuale.unibo.it/pluginfile.php/1147871/mod_resource/content/0/01-quality.pdf},
  date   = {2021},
  title  = {01 Software Quality: overview and techniques (principles, rules, agility, patterns)},
}

@misc{slides-scoping,
  author = {Boschetti, M, A},
  url    = {https://virtuale.unibo.it/pluginfile.php/1198038/mod_resource/content/1/6%20-%20Scoping%20Process%20Group%20-%20Ver.4.8.pdf},
  date   = {2021},
  title  = {Scoping Process Group},
}

@misc{j4tsj4ts87:online,
  url   = {https://github.com/j4ts/j4ts},
  title = {j4ts: Core Java APIs for TypeScript / JavaScript / JSweet},
}

@misc{CleanCod98:online,
  author = {Robert, C, Martin},
  url    = {https://blog.cleancoder.com/uncle-bob/2014/05/08/SingleReponsibilityPrinciple.html},
  title  = {The Single Responsibility Principle - Clean Coder Blog},
}

@book{design-patterns,
  author    = {Erich, Gamma and Richard, Helm and Ralph, Johnson and John, Vlissides},
  publisher = {Addison-Wesley},
  date      = {1995},
  isbn      = {0-201-63361-2},
  pages     = {293--303},
  title     = {Design Patterns: Elements of Reusable Object-Oriented Software},
}

@misc{Biochemi16:online,
  url   = {https://alchemistsimulator.github.io/explanation/biochemistry/index.html},
  title = {Biochemistry Incarnation :: Documentation for the Alchemist Simulator},
}

@misc{Serializ95:online,
  url   = {https://docs.oracle.com/javase/8/docs/api/java/io/Serializable.html},
  title = {Serializable (Java Platform SE 8)},
}

@misc{AvoidJav95:online,
  url   = {https://dev.to/brianverm/avoid-java-serialization-5g0b},
  title = {Avoid Java serialization},
}

@misc{Optional58:online,
  url   = {https://docs.oracle.com/javase/8/docs/api/java/util/Optional.html},
  title = {Optional (Java Platform SE 8 )},
}

@misc{Kotlinko43:online,
  url   = {https://github.com/Kotlin/kotlinx.serialization},
  title = {Kotlin/kotlinx.serialization: Kotlin multiplatform / multi-format serialization},
}

@misc{squaremo84:online,
  url   = {https://github.com/square/moshi},
  title = {square/moshi: A modern JSON library for Kotlin and Java.},
}

@misc{googlegs30:online,
  url   = {https://github.com/google/gson},
  title = {google/gson: A Java serialization/deserialization library to convert Java Objects into JSON and back},
}

@misc{FasterXM63:online,
  url   = {https://github.com/FasterXML/jackson},
  title = {FasterXML/jackson: Main Portal page for the Jackson project},
}

@misc{JSON74:online,
  url   = {https://www.json.org/json-en.html},
  title = {JSON},
}

@misc{Explaini59:online,
  author = {MongoDB},
  url    = {https://www.mongodb.com/basics/bson},
  title  = {Explaining BSON With Examples},
}

@misc{WhatisYA36:online,
  author = {CircleCI},
  url    = {https://circleci.com/blog/what-is-yaml-a-beginner-s-guide/},
  title  = {What is YAML? A beginner's guide},
}

@misc{Extensib95:online,
  author = {W3C},
  url    = {https://www.w3.org/XML/},
  title  = {Extensible Markup Language (XML)},
}

@misc{WhatisAv78:online,
  author = {IBM},
  url    = {https://www.ibm.com/topics/avro},
  title  = {What is Avro?},
}

@misc{Protocol60:online,
  author = {Google},
  url    = {https://developers.google.com/protocol-buffers},
  title  = {Protocol Buffers},
}

@misc{Angelika45:online,
  author = {Langer, Angelika},
  url    = {http://www.angelikalanger.com/GenericsFAQ/FAQSections/TypeParameters.html#FAQ106},
  title  = {Java Generics FAQs - Type Parameters - Training/Consulting},
}

@misc{kotlinxs9:online,
  url   = {https://github.com/Kotlin/kotlinx.serialization/blob/master/docs/polymorphism.md#sealed-classes},
  title = {kotlinx.serialization - Polymorphism (Sealed classes)},
}

@misc{ReduxKot86:online,
  author = {ReduxKotlin},
  url    = {https://reduxkotlin.org/},
  title  = {Redux in Kotlin supporting multiplatform - Android, iOS, Web, Native},
}

@misc{ReduxApr44:online,
  author = {Dan, Abramov},
  url    = {https://redux.js.org/},
  title  = {Redux - A predictable state container for JavaScript apps.},
}

@misc{Usedepen41:online,
  url   = {https://kotlinlang.org/docs/using-packages-from-npm.html},
  title = {Use dependencies from npm | Kotlin Documentation},
}

@misc{Bootstra57:online,
  url   = {https://getbootstrap.com/},
  title = {Bootstrap - The most popular HTML, CSS, and JS library in the world.},
}

@misc{ReactBoo29:online,
  url   = {https://react-bootstrap.github.io/components/navbar/#api},
  title = {React-Bootstrap - Navbar},
}

@misc{kotlinxs84:online,
  url   = {https://github.com/Kotlin/kotlinx.serialization/blob/master/docs/polymorphism.md},
  title = {kotlinx.serialization - Polymorphism},
}

@misc{reactboo79:online,
  url   = {https://react-bootstrap.github.io/},
  title = {React-Bootstrap},
}

@misc{KotestKo71:online,
  url   = {https://kotest.io/},
  title = {Kotest},
}

@misc{DanySKmu38:online,
  author = {DanySK},
  url    = {https://github.com/DanySK/multi-jvm-test-plugin},
  title  = {multi-jvm-test-plugin},
}

@misc{CodecovT78:online,
  url   = {https://about.codecov.io/},
  title = {Codecov - The Leading Code Coverage Solution},
}

@misc{EclEmmaJ37:online,
  url   = {https://www.jacoco.org/jacoco/index.html},
  title = {EclEmma - JaCoCo Java Code Coverage Library},
}

@misc{Compress32:online,
  author = {JetBrains},
  url    = {https://ktor.io/docs/compression.html},
  title  = {Compression - Ktor},
}

@misc{Zstandar68:online,
  url   = {https://facebook.github.io/zstd/},
  title = {Zstandard - Real-time data compression algorithm},
}

@misc{DoppioJV33:online,
  url   = {http://doppiojvm.org},
  title = {DoppioJVM: A JVM in JavaScript},
}

@misc{googlecl76:online,
  url   = {https://github.com/google/closure-compiler},
  title = {google/closure-compiler: A JavaScript checker and optimizer.},
}

@misc{GWT93:online,
  url   = {https://www.gwtproject.org/},
  title = {[GWT]},
}

@misc{Typesafe65:online,
  url   = {https://kotlinlang.org/docs/typesafe-html-dsl.html},
  title = {Typesafe HTML DSL | Kotlin Documentation},
}

@misc{KotlinMu7:online,
  howpublished = {\url{https://kotlinlang.org/docs/multiplatform.html}},
  title        = {Kotlin Multiplatform | Kotlin Documentation},
}

@misc{TeaVM77:online,
  url   = {https://teavm.org/},
  title = {TeaVM},
}

@misc{googlej257:online,
  url   = {https://github.com/google/j2cl},
  title = {google/j2cl: Java to Closure JavaScript transpiler},
}

